@article{wang2023principes,
  title={Les principes FAIR et la gestion des donn{\'e}es de recherche},
  author={Wang, Minglu and Savard, Dany},
  journal={La gestion des donn{\'e}es de recherche dans le contexte canadien},
  year={2023},
  publisher={Western University, Western Libraries}
}
@inproceedings{minel:halshs-01590750,
  TITLE = {{La linguistique face {\`a} la multiplication des donn{\'e}es langagi{\`e}res num{\'e}riques. M{\'e}thodes, risques et enjeux}},
  AUTHOR = {Minel, Jean-Luc},
  URL = {https://shs.hal.science/halshs-01590750},
  BOOKTITLE = {{7{\textdegree} S{\'e}minaire International de Linguiistique et 3{\textdegree} Symposium de Linguistique Textuelle}},
  ADDRESS = {Sao Paulo, Brazil},
  ORGANIZATION = {{Universit{\'e} Cruzeiros del Sud, Sao Paulo}},
  YEAR = {2017},
  MONTH = Sep,
  KEYWORDS = {Annotation ; Linguistic Linked Open Data ; Apprentissage supervis{\'e} ; Deep learning ; Corpus},
  PDF = {https://shs.hal.science/halshs-01590750/file/SpeechOne4.pdf},
  HAL_ID = {halshs-01590750},
  HAL_VERSION = {v1},
}
@phdthesis{rebouillat:tel-02447653,
  TITLE = {{Ouverture des donn{\'e}es de la recherche : de la vision politique aux pratiques des chercheurs}},
  AUTHOR = {Rebouillat, Violaine},
  URL = {https://theses.hal.science/tel-02447653},
  NUMBER = {2019CNAM1254},
  SCHOOL = {{Conservatoire national des arts et metiers - CNAM}},
  YEAR = {2019},
  MONTH = Dec,
  KEYWORDS = {Research practices ; Scientific communication ; Data Sharing ; Open science policies ; Data services ; Scientific and technical information staff ; Pratiques de recherche ; Communication scientifique ; Partage des donn{\'e}es ; Politiques de science ouverte ; Services de donn{\'e}es ; Professionnels de l'information scientifique et technique},
  TYPE = {Theses},
  PDF = {https://theses.hal.science/tel-02447653/file/TheseREBOUILLAT.pdf},
  HAL_ID = {tel-02447653},
  HAL_VERSION = {v1},
}

@techreport{arnould:hal-01275841,
  TITLE = {{Guide de bonnes pratiques. Gestion et valorisation des donn{\'e}es de la recherche}},
  AUTHOR = {Arnould, Pierre-Yves and Jacquemot-Perbal, Marie-Christine},
  URL = {https://hal.science/hal-01275841},
  TYPE = {Research Report},
  PAGES = {26 p.},
  INSTITUTION = {{OTELo ; INIST-CNRS}},
  YEAR = {2016},
  MONTH = Feb,
  KEYWORDS = {{\'E}chantillon ; Environnement ; Donn{\'e}es de la recherche ; Guide ; Bonnes pratiques},
  PDF = {https://hal.science/hal-01275841/file/Guide_de_Bonnes_Pratiques.pdf},
  HAL_ID = {hal-01275841},
  HAL_VERSION = {v1},
}

@article{delic:halshs-01388193,
  TITLE = {{Pr{\'e}sentation du Corpus de r{\'e}f{\'e}rence du fran{\c c}ais parl{\'e}}},
  AUTHOR = {Delic, Equipe and Teston-Bonnard, Sandra and V{\'e}ronis, Jean},
  URL = {https://shs.hal.science/halshs-01388193},
  NOTE = {Equipe DELIC},
  JOURNAL = {{Recherches sur le fran{\c c}ais parl{\'e} }},
  PUBLISHER = {{Aix-en-Provence : Universit{\'e} de Provence}},
  VOLUME = {18},
  PAGES = {11-42},
  YEAR = {2004},
  KEYWORDS = {linguistique ;  linguistique fran{\c c}aise},
  HAL_ID = {halshs-01388193},
  HAL_VERSION = {v1},
}

@article{jacobson:halshs-01165884,
  TITLE = {{Corpus de la parole : collecte, catalogage, conservation et diffusion des ressources orales sur le fran{\c c}ais et les langues de France}},
  AUTHOR = {Jacobson, Michel and Baude, Olivier},
  URL = {https://shs.hal.science/halshs-01165884},
  JOURNAL = {{Revue TAL : traitement automatique des langues}},
  PUBLISHER = {{Association pour le Traitement Automatique des Langues (ATALA) / Klincksieck}},
  SERIES = {Ressources libres},
  VOLUME = {52},
  PAGES = {47-69},
  YEAR = {2011},
  KEYWORDS = {Corpus oral ; OAIS ; Archives ouvertes ; Langues de France},
  PDF = {https://shs.hal.science/halshs-01165884/file/Corpusdelaparole_TAL52-3.pdf},
  HAL_ID = {halshs-01165884},
  HAL_VERSION = {v1},
}

@article{wissner:hal-03604977,
  TITLE = {{Les grands corpus du fran{\c c}ais moderne}},
  AUTHOR = {Wissner, Inka},
  URL = {https://hal.science/hal-03604977},
  JOURNAL = {{SKY Journal of Linguistics}},
  PUBLISHER = {{Linguistic Association of Finland}},
  VOLUME = {25},
  PAGES = {233-272},
  YEAR = {2012},
  KEYWORDS = {Corpus linguistics ; Variational linguistics ; Linguistique sur corpus ; Linguistique variationnelle ; Linguistique de corpus ; Variation diatopique ; Francophonie},
  PDF = {https://hal.science/hal-03604977/file/Wissner%202012%20Sky-Corpora.pdf},
  HAL_ID = {hal-03604977},
  HAL_VERSION = {v1},
}

@book{delmotte:hal-01940124,
  TITLE = {{Les aspects juridiques de la valorisation de la recherche}},
  AUTHOR = {Delmotte, Alexandre},
  URL = {https://hal.science/hal-01940124},
  PUBLISHER = {{mare \& martin}},
  SERIES = {Biblioth{\`e}que des th{\`e}ses},
  PAGES = {958},
  YEAR = {2016},
  MONTH = Oct,
  KEYWORDS = {Droit des contrats ; Technique contractuelle ; Valorisation de la recherche publique ; Contrat de recherche ; Transfert de technologie},
  HAL_ID = {hal-01940124},
  HAL_VERSION = {v1},
}
@misc{bouchetmoneret:hal-03636697,
  TITLE = {{Les donn{\'e}es personnelles de recherche et le RGPD}},
  AUTHOR = {Bouchet Moneret, Florence},
  URL = {https://hal.univ-lorraine.fr/hal-03636697},
  NOTE = {Guide sur les donn{\'e}es personnelles de recherche dans le cadre du RGPD},
  YEAR = {2021},
  MONTH = Mar,
  PDF = {https://hal.univ-lorraine.fr/hal-03636697/file/Donnees-personnelles-et-RGPD.pdf},
  HAL_ID = {hal-03636697},
  HAL_VERSION = {v1},
}

@article{mahe:halshs-01517440,
  TITLE = {{Altmetrics :  Nouvelles mesures de la visibilit{\'e} des r{\'e}sultats de la recherche}},
  AUTHOR = {Mah{\'e}, Anna{\"i}g and Prime-Claverie, Camille},
  URL = {https://shs.hal.science/halshs-01517440},
  JOURNAL = {{Les Techniques de l'Ingenieur}},
  PUBLISHER = {{Editions T.I.}},
  SERIES = { Usages et management strat{\'e}gique des documents num{\'e}riques},
  YEAR = {2015},
  MONTH = Nov,
  KEYWORDS = {m{\'e}triques ;  produits de la recherche ;  {\'e}valuation de la recherche ;  impact social et scientifique},
  HAL_ID = {halshs-01517440},
  HAL_VERSION = {v1},
}

@inproceedings{leguennec:hal-03477490,
  TITLE = {{Identifiants p{\'e}rennes et donn{\'e}es de la recherche : trouver, relier, citer, valoriser les donn{\'e}es}},
  AUTHOR = {Le Guennec, Manon and Conte, M{\'e}lanie},
  URL = {https://hal.science/hal-03477490},
  BOOKTITLE = {{Semaine Data-SHS}},
  ADDRESS = {Nanterre, France},
  ORGANIZATION = {{Plateforme universitaire de donn{\'e}es de Nanterre and MSH Mondes}},
  YEAR = {2021},
  MONTH = Dec,
  KEYWORDS = {FAIR Data ; Orcid ; Identifiants p{\'e}rennes ; science ouverte ; DOI},
  HAL_ID = {hal-03477490},
  HAL_VERSION = {v1},
}

@misc{hadrossek:hal-03152732,
  TITLE = {{Guide de bonnes pratiques sur la gestion des donn{\'e}es de la Recherche}},
  AUTHOR = {Hadrossek, Christine and Janik, Joanna and Libes, Maurice and Louvet, Violaine and Quidoz, Marie-Claude and Rivet, Alain and Romier, Genevi{\`e}ve},
  URL = {https://hal.science/hal-03152732},
  NOTE = {Dans leurs diff{\'e}rentes pratiques, les r{\'e}seaux m{\'e}tiers du CNRS, regroup{\'e}s au sein de la Mission pour les Initiatives Transverses Interdisciplinaires (MITI) ou soutenus par les Instituts sont en premi{\`e}re ligne pour participer au mouvement d'ouverture et de partage des donn{\'e}es.Les personnels des organismes de recherche qui les constituent, {\oe}uvrent pour mettre en place de bonnes pratiques de gestion et participent {\'e}galement au processus de production des donn{\'e}es scientifiques aux c{\^o}t{\'e}s des {\'e}quipes de recherche.Ce guide est la production du groupe de travail inter-r{\'e}seaux `` Atelier Donn{\'e}es ''. Il s'agit d'un groupe compos{\'e} de plusieurs r{\'e}seaux m{\'e}tiers de la MITI (Calcul, Devlog, QeR, rBDD, Renatis, Resinfo, RIS, Medici), du r{\'e}seau SIST, (labellis{\'e} par l'INSU et regroupant les gestionnaires de donn{\'e}es environnementales), de l'INIST-CNRS, du GDS EcoInfo et de la Direction des donn{\'e}es ouvertes de la recherche (DDOR-CNRS). Dans ce document, nous avons donc voulu t{\'e}moigner des travaux r{\'e}alis{\'e}s au sein de nos r{\'e}seaux m{\'e}tiers qui rendent compte de la gestion des donn{\'e}es de la recherche tout en guidant le lecteur vers des bonnes pratiques.Ce guide est donc un condens{\'e} des actions men{\'e}es autour de la gestion des donn{\'e}es de la recherche. Il est le fruit d'un travail collaboratif qui a consist{\'e} {\`a} collecter, s{\'e}lectionner et mettre {\`a} disposition des ressources vers les actions phares des r{\'e}seaux m{\'e}tiers, enrichis d'informations et de conseils.},
  YEAR = {2023},
  MONTH = Jan,
  KEYWORDS = {donn{\'e}es de la recherche ; licences},
  PDF = {https://hal.science/hal-03152732v2/file/Guide_bonnes_pratiques_gestion_donnees_recherche_v2.pdf},
  HAL_ID = {hal-03152732},
  HAL_VERSION = {v2},
}

@unpublished{bisson:hal-03830903,
  TITLE = {{Mod{\'e}lisation des m{\'e}tadonn{\'e}es en XML-TEI. Pratiques de l'IR M{\'e}topes et du P{\^o}le Document num{\'e}rique de la MRSH de Caen}},
  AUTHOR = {Bisson, Marie and Cannet, Edith and Goloubkoff, Anne and Lecouteux, St{\'e}phane and Mancel, {\'E}meline and Pasupathy, Subha-Sree and Remou{\'e}, Claire and Roger, Julia},
  URL = {https://hal.science/hal-03830903},
  NOTE = {working paper or preprint},
  YEAR = {2022},
  MONTH = Oct,
  KEYWORDS = {XML TEI ; <teiHeader> ; Manuel d'encodage},
  PDF = {https://hal.science/hal-03830903v1/file/moduleMetadonnees.pdf},
  HAL_ID = {hal-03830903},
  HAL_VERSION = {v1},
}

@article{longhi:hal-03547921,
  TITLE = {{The Parascientific Communication around Didier Raoult's Expertise and the Debates in the Media and on Digital Social Networks during the COVID-19 Crisis in France}},
  AUTHOR = {Longhi, Julien},
  URL = {https://hal.science/hal-03547921},
  JOURNAL = {{Publications}},
  PUBLISHER = {{MDPI}},
  VOLUME = {10},
  NUMBER = {1},
  PAGES = {7},
  YEAR = {2022},
  DOI = {10.3390/publications10010007},
  KEYWORDS = {discourse analysis ; digital humanities ; textometry ; authority ; legitimacy},
  PDF = {https://hal.science/hal-03547921/file/publications-10-00007-v2.pdf},
  HAL_ID = {hal-03547921},
  HAL_VERSION = {v1},
}

@incollection{mangeot:hal-00959229,
  TITLE = {{Des dictionnaires {\'e}ditoriaux aux repr{\'e}sentations XML standardis{\'e}es}},
  AUTHOR = {Mangeot, Mathieu and Enguehard, Chantal},
  URL = {https://hal.science/hal-00959229},
  BOOKTITLE = {{Ressources Lexicales : contenu, construction, utilisation, {\'e}valuation}},
  EDITOR = {Gala and Nuria and Zock and Michael},
  PUBLISHER = {{John Benjamins}},
  PAGES = {24},
  YEAR = {2013},
  DOI = {10.1075/lis.30.08man},
  KEYWORDS = {DiLAF ; LMF ; XML},
  PDF = {https://hal.science/hal-00959229v2/file/Livre-Nuria_MM-CE_V16.pdf},
  HAL_ID = {hal-00959229},
  HAL_VERSION = {v2},
}

@article{pincemin:halshs-02902088,
  TITLE = {{La textom{\'e}trie en question}},
  AUTHOR = {Pincemin, B{\'e}n{\'e}dicte},
  URL = {https://shs.hal.science/halshs-02902088},
  NOTE = {num{\'e}ro dirig{\'e} par V{\'e}ronique Magri},
  JOURNAL = {{Le Fran{\c c}ais Moderne - Revue de linguistique Fran{\c c}aise}},
  PUBLISHER = {{CILF (conseil international de la langue fran{\c c}aise)}},
  SERIES = {Linguistique et traitements quantitatifs},
  VOLUME = {88},
  NUMBER = {1},
  PAGES = {26-43},
  YEAR = {2020},
  MONTH = Mar,
  KEYWORDS = {Statistical Analysis of Textual Data ; Linguistics ; Quantitative Analysis ; Critical Discussion ; Evaluation ; analyse statistique des donn{\'e}es textuelles (ADT) ; linguistique ; analyse quantitative ; discussion critique ; {\'e}valuation},
  PDF = {https://shs.hal.science/halshs-02902088/file/pincemin_francaismoderne20_200303.pdf},
  HAL_ID = {halshs-02902088},
  HAL_VERSION = {v1},
}

@article{wissner:hal-03604977,
  TITLE = {{Les grands corpus du fran{\c c}ais moderne}},
  AUTHOR = {Wissner, Inka},
  URL = {https://hal.science/hal-03604977},
  JOURNAL = {{SKY Journal of Linguistics}},
  PUBLISHER = {{Linguistic Association of Finland}},
  VOLUME = {25},
  PAGES = {233-272},
  YEAR = {2012},
  KEYWORDS = {Corpus linguistics ; Variational linguistics ; Linguistique sur corpus ; Linguistique variationnelle ; Linguistique de corpus ; Variation diatopique ; Francophonie},
  PDF = {https://hal.science/hal-03604977/file/Wissner%202012%20Sky-Corpora.pdf},
  HAL_ID = {hal-03604977},
  HAL_VERSION = {v1},
}

@inproceedings{webster1992tokenization,
  title={Tokenization as the initial phase in NLP},
  author={Webster, Jonathan J and Kit, Chunyu},
  booktitle={COLING 1992 volume 4: The 14th international conference on computational linguistics},
  year={1992}
}

@inproceedings{straka-strakova-2017-tokenizing,
    title = "Tokenizing, {POS} Tagging, Lemmatizing and Parsing {UD} 2.0 with {UDP}ipe",
    author = "Straka, Milan  and
      Strakov{\'a}, Jana",
    editor = "Haji{\v{c}}, Jan  and
      Zeman, Dan",
    booktitle = "Proceedings of the {C}o{NLL} 2017 Shared Task: Multilingual Parsing from Raw Text to Universal Dependencies",
    month = aug,
    year = "2017",
    address = "Vancouver, Canada",
    publisher = "Association for Computational Linguistics",
    url = "https://aclanthology.org/K17-3009",
    doi = "10.18653/v1/K17-3009",
    pages = "88--99",
    abstract = "Many natural language processing tasks, including the most advanced ones, routinely start by several basic processing steps {--} tokenization and segmentation, most likely also POS tagging and lemmatization, and commonly parsing as well. A multilingual pipeline performing these steps can be trained using the Universal Dependencies project, which contains annotations of the described tasks for 50 languages in the latest release UD 2.0. We present an update to UDPipe, a simple-to-use pipeline processing CoNLL-U version 2.0 files, which performs these tasks for multiple languages without requiring additional external data. We provide models for all 50 languages of UD 2.0, and furthermore, the pipeline can be trained easily using data in CoNLL-U format. UDPipe is a standalone application in C++, with bindings available for Python, Java, C{\#} and Perl. In the CoNLL 2017 Shared Task: Multilingual Parsing from Raw Text to Universal Dependencies, UDPipe was the eight best system, while achieving low running times and moderately sized models.",
}

@inproceedings{sun2018overview,
  title={An overview of named entity recognition},
  author={Sun, Peng and Yang, Xuezhen and Zhao, Xiaobing and Wang, Zhijuan},
  booktitle={2018 International Conference on Asian Language Processing (IALP)},
  pages={273--278},
  year={2018},
  organization={IEEE}
}